@book{Bazaraa,
	title       = {Nonlinear Programming Theory and Algorithms},
	author      = {Bazaraa, M.S. and Sherali, H.D. and Shetty, C.M.},
	edition		= {1},
	year        = {2006},
	publisher   = {John Wiley and Sons}
}

@book{Diekmann,
	title       = {Mathematical Epidemiology of Infectious Diseases: Model Building, Analisis and Interpretation},
	author      = {Diekmann, O.  and Heesterbeek, J.A.P.},
	edition		= {1},
	year        = {2000},
	publisher   = {John Wiley and Sons}
}

@book{Lenhart,
	title       = {Optimal Control Applied to Biological Models},
	author      = {Lenhart, S. adn Workman, J.T.},
	edition		= {1},
	year        = {2007},
	publisher   = {Chapman \& Hall}
}

@book{Martcheva,
	title       = {An Introduction to Mathematical Epidemiology},
	author      = {Martcheva, M.},
	edition		= {1},
	year        = {2015},
	publisher   = {Springer}
}

@book{Pontryagin,
	title       = {The Mathematical Theory of Optimal Processes},
	author      = {Pontryagin, L.S.},
	edition		= {1},
	year        = {1962},
	publisher   = {Interscience Publishers John Wiley \& Sons, Inc}
}

@book{Sofia,
	title       = {Optimal Control and Numerical Optimization Applied to Epidemiological Models},
	author      = {Sofia, H. and Rodrigues, F.},
	edition		= {1},
	year        = {2014},
	publisher   = {Universidade de Aveiro Departamento de Matematica}
}

@ARTICLE{Wang,
	AUTHOR  = {Wang, W. and Zhao. X.Q.},
	TITLE   = {An Epidemic Model in a Patchy Environment},  
	YEAR    = {2004},
	JOURNAL = {Math Biosci},
	VOLUME  = {98},
	NUMBER  = {2},
	PAGES   = {97--112}
}


@ARTICLE{Diesche,
	AUTHOR  = {Driescche, P.V.D. and Watmough, J.},
	TITLE   = {Reproduction Numbers and Sub-Threshold Endemic Equilibria for Compartmental Models of Disease Transmission},  
	YEAR    = {2002},
	JOURNAL = {Math Biosci},
	VOLUME  = {98},
	NUMBER  = {2},
	PAGES   = {97--112}
}